<?xml version="1.0" encoding="UTF-8"?><collection xmlns="http://www.loc.gov/MARC21/slim"><record><leader>00498nam--2200181-i-4500</leader><controlfield tag="001">000005841</controlfield><controlfield tag="002">20161230</controlfield><controlfield tag="005">20161230201026</controlfield><controlfield tag="008">060222s1000------------r-----000-0-eng-d</controlfield><datafield ind1=" " ind2=" " tag="040"><subfield code="a">IFIN-H</subfield></datafield><datafield ind1=" " ind2=" " tag="080"><subfield code="a">539.3</subfield></datafield><datafield ind1="1" ind2=" " tag="100"><subfield code="a">Green, A.E</subfield></datafield><datafield ind1="1" ind2="0" tag="245"><subfield code="a">Large elastic deformations and non-linear continuum mechanics</subfield><subfield code="c">A.e. green, j.e. adkins</subfield></datafield><datafield ind1=" " ind2=" " tag="260"><subfield code="a">Oxford</subfield><subfield code="b">The Clarendon Press</subfield><subfield code="c">1960</subfield></datafield><datafield ind1=" " ind2=" " tag="300"><subfield code="a">XIII + 348 P</subfield></datafield><datafield ind1="1" ind2=" " tag="700"><subfield code="a">Adkins, J.E</subfield></datafield><datafield ind1=" " ind2=" " tag="852"><subfield code="a">17272</subfield><subfield code="c">539.3</subfield></datafield><datafield ind1=" " ind2=" " tag="CAT"><subfield code="a">Sys</subfield><subfield code="c">20121220</subfield><subfield code="h">154355</subfield></datafield></record></collection>